% Encoding: UTF-8

% @Article{SabiEtAl2016,
%   author       = {Sabi, Humphrey M. and Uzoka, Faith-Michael E. and Langmia, Kehbuma and Njeh, Felix M.},
%   title        = {Conceptualizing a model for adoption of cloud computing in education},
%   journaltitle = {International Journal of Information Management},
%   year         = {2016},
%   volume       = {36},
%   number       = {2},
%   pages        = {183--191},
%   doi          = {10.1016/j.ijinfomgt.2015.11.010},
%   url          = {http://www.sciencedirect.com/science/article/pii/S0268401215001115},
% }

% @Online{LewisFowler2014,
%   author    = {Lewis, James and Fowler, Martin},
%   title     = {Microservices: a definition of this new architectural term},
%   date      = {2014-03-25},
%   url       = {http://martinfowler.com/articles/microservices.html},
%   urldate   = {2016-09-01},
% }

% @Online{Hykes2013,
%   author    = {Solomon Hykes},
%   title     = {The future of Linux Containers (PyCon 2013)},
%   date      = {2013-03-21},
%   url       = {https://www.youtube.com/watch?v=wW9CAH9nSLs},
%   urldate   = {2016-09-01},
% }

@Article{OlalereAbiodun2023,
  author = {Olalere, Abiodun},
  year = {2023},
  month = {11},
  pages = {},
  title = {IMPACT OF ICT ON BUSINESS IN THE 21 ST CENTURY},
  url = {https://www.researchgate.net/publication/375413112_IMPACT_OF_ICT_ON_BUSINESS_IN_THE_21_ST_CENTURY},
  urldate = {2025-10-22}
}

@Article{Diekmann_2015,
   title={Demonstrating topoS: Theorem-prover-based synthesis of secure network configurations},
   url={https://arxiv.org/pdf/1604.00273},
   author={Diekmann, Cornelius and Korsten, Andreas and Carle, Georg},
   year={2015},
   month=nov,
   urldate = {2025-10-22},
 }

@mastersthesis{Younes2024,
  author       = {Younes, Fadi},
  title        = {Network Automation: Comparison between manual and automated network configuration},
  school       = {Mälardalen University},
  year         = {2024},
  address      = {Västerås, Sweden},
  type         = {Bachelor's thesis},
  url          = {https://www.diva-portal.org/smash/get/diva2:1871551/FULLTEXT01.pdf},
  note         = {Retrieved from Diva Portal},
}

@techreport{EMAItential2021,
  author       = {Enterprise Management Associates and Itential},
  year         = {2021},
  title        = {Configuration Management Obstacles are Universal: State of Network Automation Survey Report},
  institution  = {Itential},
  url          = {https://www.itential.com/what-is-network-automation/research-state-of-network-automation/},
  note         = {Accessed October 27, 2025}
}

@techreport{Cisco2022,
  author       = {Cisco Systems},
  year         = {2022},
  title        = {Automation for hybrid and multicloud from Cisco and Red Hat},
  institution  = {Cisco Systems},
  url          = {https://www.cisco.com/c/en/us/solutions/collateral/data-center-virtualization/application-centric-infrastructure/automation-hybrid-multicloud-cisco-red-hat-wp.html},
  howpublished = {White paper},
  accessdate   = {2025-10-27}
}


@Comment{jabref-meta: databaseType:biblatex;}
